@article{hendrycksmath2021,
  title   = {Measuring Mathematical Problem Solving With the MATH Dataset},
  author  = {Dan Hendrycks and Collin Burns and Saurav Kadavath and Akul Arora and Steven Basart and Eric Tang and Dawn Song and Jacob Steinhardt},
  journal = {arXiv preprint arXiv:2103.03874},
  year    = {2021}
}
@misc{raffel2023exploringlimitstransferlearning,
      title={Exploring the Limits of Transfer Learning with a Unified Text-to-Text Transformer}, 
      author={Colin Raffel and Noam Shazeer and Adam Roberts and Katherine Lee and Sharan Narang and Michael Matena and Yanqi Zhou and Wei Li and Peter J. Liu},
      year={2023},
      eprint={1910.10683},
      archivePrefix={arXiv},
      primaryClass={cs.LG},
      url={https://arxiv.org/abs/1910.10683}, 
}
@misc{openai2024o1preview,
  title={Introducing OpenAI O1 Preview},
  author={OpenAI},
  year={2024},
  url={https://openai.com/index/introducing-openai-o1-preview/},
  note={Accessed: 2024-12-12}
}
@misc{zhong2024evaluationopenaio1opportunities,
      title={Evaluation of OpenAI o1: Opportunities and Challenges of AGI}, 
      author={Tianyang Zhong and Zhengliang Liu and Yi Pan and Yutong Zhang and Yifan Zhou and Shizhe Liang and Zihao Wu and Yanjun Lyu and Peng Shu and Xiaowei Yu and Chao Cao and Hanqi Jiang and Hanxu Chen and Yiwei Li and Junhao Chen and Huawen Hu and Yihen Liu and Huaqin Zhao and Shaochen Xu and Haixing Dai and Lin Zhao and Ruidong Zhang and Wei Zhao and Zhenyuan Yang and Jingyuan Chen and Peilong Wang and Wei Ruan and Hui Wang and Huan Zhao and Jing Zhang and Yiming Ren and Shihuan Qin and Tong Chen and Jiaxi Li and Arif Hassan Zidan and Afrar Jahin and Minheng Chen and Sichen Xia and Jason Holmes and Yan Zhuang and Jiaqi Wang and Bochen Xu and Weiran Xia and Jichao Yu and Kaibo Tang and Yaxuan Yang and Bolun Sun and Tao Yang and Guoyu Lu and Xianqiao Wang and Lilong Chai and He Li and Jin Lu and Lichao Sun and Xin Zhang and Bao Ge and Xintao Hu and Lian Zhang and Hua Zhou and Lu Zhang and Shu Zhang and Ninghao Liu and Bei Jiang and Linglong Kong and Zhen Xiang and Yudan Ren and Jun Liu and Xi Jiang and Yu Bao and Wei Zhang and Xiang Li and Gang Li and Wei Liu and Dinggang Shen and Andrea Sikora and Xiaoming Zhai and Dajiang Zhu and Tianming Liu},
      year={2024},
      eprint={2409.18486},
      archivePrefix={arXiv},
      primaryClass={cs.CL},
      url={https://arxiv.org/abs/2409.18486}, 
}
@article{romera-paredes2024mathematical,
  title={Mathematical discoveries from program search with large language models},
  author={Romera-Paredes, Bernardino and Barekatain, Mohammadamin and Novikov, Alexander and others},
  journal={Nature},
  volume={625},
  pages={468--475},
  year={2024},
  doi={10.1038/s41586-023-06924-6},
  url={https://doi.org/10.1038/s41586-023-06924-6}
}
@misc{numina_math_datasets_CoT,
  author       = {Jia LI and Edward Beeching and Lewis Tunstall and Ben Lipkin and Roman Soletskyi and Shengyi Costa Huang and Kashif Rasul and Longhui Yu and Albert Jiang and Ziju Shen and Zihan Qin and Bin Dong and Li Zhou and Yann Fleureau and Guillaume Lample and Stanislas Polu},
  title        = {NuminaMath},
  year         = {2024},
  publisher    = {Numina},
  journal      = {Hugging Face repository},
  howpublished = {\url{[https://huggingface.co/AI-MO/NuminaMath-CoT](https://github.com/project-numina/aimo-progress-prize/blob/main/report/numina_dataset.pdf)}}
}
@misc{Ünsal_Gehr_Vechev_2024,
  title   = {Alphaintegrator: Transformer action search for symbolic integration proofs},
  url     = {https://arxiv.org/abs/2410.02666},
  journal = {arXiv.org},
  author  = {Ünsal, Mert and Gehr, Timon and Vechev, Martin},
  year    = {2024},
  month   = {Oct}
} 
@misc{Brown_et_al._2020,
  title   = {Language models are few-shot learners: Proceedings of the 34th International Conference on Neural Information Processing Systems},
  url     = {https://dl.acm.org/doi/abs/10.5555/3495724.3495883},
  journal = {Guide Proceedings},
  author  = {Brown, Tom B. and Mann, Benjamin and Ryder, Nick and Subbiah, Melanie and Kaplan, Jared and Dhariwal, Prafulla and Neelakantan, Arvind and Shyam, Pranav and Sastry, Girish and Askell, Amanda and et al.},
  year    = {2020},
  month   = {Dec}
} 
@misc{Kim_Ki_Lee_Gweon,
  title   = {Point to the expression: Solving algebraic word problems using the expression-pointer transformer model},
  url     = {https://aclanthology.org/2020.emnlp-main.308/},
  journal = {ACL Anthology},
  author  = {Kim, Bugeun and Ki, Kyung Seo and Lee, Donggeon and Gweon, Gahgene}
} 
@misc{Wei_et_all_2023,
  title   = {Chain-of-thought prompting elicits reasoning in large language models},
  url     = {https://arxiv.org/abs/2201.11903},
  journal = {arXiv.org},
  author  = {Wei, Jason and Wang, Xuezhi and Schuurmans, Dale and Bosma, Maarten and Ichter, Brian and Xia, Fei and Chi, Ed and Le, Quoc and Zhou, Denny},
  year    = {2023},
  month   = {Jan}
} 
@misc{Unsal_Gehr_Vechev_2024,
  title   = {Alphaintegrator: Transformer action search for symbolic integration proofs},
  url     = {https://arxiv.org/abs/2410.02666},
  journal = {arXiv.org},
  author  = {Ünsal, Mert and Gehr, Timon and Vechev, Martin},
  year    = {2024},
  month   = {Oct}
} 
@misc{mathBERT,
  note         = {[Online; accessed 2024-11-11]},
  author       = {Devlin, Jacob and Chang, Ming-Wei and Lee, Kenton and Toutanova, Kristina},
  title        = {BERT: Pre-training of {Deep} {Bidirectional} {Transformers} for {Language} {Understanding}},
  howpublished = {https://aclanthology.org/N19-1423/}
}
@misc{Hu2022Enhancing,
  note         = {[Online; accessed 2024-11-11]},
  author       = {Hu, Yangyang and Yu, Yang},
  year         = {2022},
  month        = {mar 28},
  title        = {Enhancing {Neural} {Mathematical} {Reasoning} by {Abductive} {Combination} with {Symbolic} {Library}},
  howpublished = {https://arxiv.org/abs/2203.14487}
}
@misc{Saxton2019Analysing,
  note         = {[Online; accessed 2024-11-11]},
  author       = {Saxton, David and Grefenstette, Edward and Hill, Felix and Kohli, Pushmeet},
  year         = {2019},
  month        = {apr 2},
  title        = {Analysing {Mathematical} {Reasoning} {Abilities} of {Neural} {Models}},
  howpublished = {https://arxiv.org/abs/1904.01557}
}
@misc{aops_contests,
  author       = {Art of Problem Solving},
  title        = {AoPS Online Community},
  year         = {2024},
  howpublished = {\url{https://artofproblemsolving.com/community/c3158_usa_contests}}
}



